% Encoding: windows-1252

@PhdThesis{Zhao2015,
  author = {Yu Zhao},
  title  = {Event Based Transient Notification Architecture and NoSQL Solution for Astronomical Data Management},
  school = {Massey University},
  year   = {2015},
}

@online{OpenWebslides,
	author = {{{Open Webslides}}},
	title = {{{Open Webslides}}},
	date = {2017},
	url = {http://openwebslides.github.io/},
}

@Article{Brewer2002,
  author  = {Seth Gilbert and Nancy Lynch},
  title   = {Brewer's conjecture and the feasibility of consistent, available, partition-tolerant web services},
  journal = {ACM SIGACT News},
  year    = {2002},
  volume  = {33},
  issue   = {2},
  pages   = {51-59},
}

@Article{NayakPoriyaPoojary2003,
  author  = {Ameya Nayak and Anil Poriya and Dikshay Poojary},
  title   = {Type of NoSQL Databases and its Comparison with Relational Databases},
  journal = {International Journal of Applied Information Systems (IJAIS)},
  year    = {2013},
  date    = {2013-03},
  volume  = {5},
  number  = {4},
  issn    = {2249-0868},
}

@INPROCEEDINGS{KaurRani2013,
	author={K. Kaur and R. Rani},
	booktitle={2013 IEEE International Conference on Big Data},
	title={Modeling and querying data in NoSQL databases},
	year={2013},
	volume={},
	number={},
	pages={1-7},
	keywords={data handling;query processing;relational databases;Internet-age databases;NoSQL databases;Slashdot;column-oriented database;data model flexibility;data model scalability;data modeling;data querying;document database;graph database;interactive Web;key-value pair database;mobile applications;news Web site;query syntax;relational databases;Ciphers;Data models;Database languages;Java;Relational databases;Scalability},
	doi={10.1109/BigData.2013.6691765},
	ISSN={},
	month={Oct},
}

@Report{Maroo2013,
  author      = {Tushar Maroo},
  title       = {Handling with Dynamic, Large Data Sets - NoSQL a Buzzword or Savior?},
  type        = {Article},
  institution = {JECRC Foundation},
  year        = {2013},
}

@article{Moniruzzaman2013,
	author = {A B M Moniruzzaman and Syed Akhter Hossain},
	title = {NoSQL Database: New Era of Databases for Big data Analytics - Classification, Characteristics and Comparison},
	journal = {International Journal of Database Theory and Application},
	year    = {2013},
	volume  = {6},
	issue   = {4},
}

@Report{HammesMederoMitchell2014,
	author = {Dayne Hammes, Hiram Medero and Harrison Mitchell},
	title = {Comparison of NoSQL and SQL Databases in the Cloud},
	type = {Article},
	institution = {Southern Association for Information Systems},
	year = {2014},
}

@online{Redis,
	author = {Salvatore Sanfilippo},
	title = {Redis},
	year = {2009},
	url = {https://redis.io/},
}

@online{CouchDB,
	author = {{Apache Software Foundation}},
	title = {CouchDB},
	year = {2005},
	url = {https://couchdb.apache.org/},
}

@online{MongoDB,
	author = {MongoDB Inc.},
	title = {MongoDB},
	year = {2009},
	url = {https://www.mongodb.com/},
}

@online{Neo4j,
	author = {Neo Technology},
	title = {Neo4j},
	year = {2007},
	url = {https://neo4j.com},
}

@online{HBase,
	author = {{Apache Software Foundation}},
	title = {Neo4j},
	year = {2005},
	url = {https://hbase.apache.org/},
}


@Comment{jabref-meta: databaseType:biblatex;}
