% Encoding: windows-1252

@PhdThesis{Zhao2015,
  author = {Yu Zhao},
  title  = {Event Based Transient Notification Architecture and NoSQL Solution for Astronomical Data Management},
  school = {Massey University},
  year   = {2015},
}

@online{OpenWebslides,
	author = {{{Open Webslides}}},
	title = {{{Open Webslides}}},
	date = {2017},
	url = {http://openwebslides.github.io/},
}

@Article{Brewer2002,
  author  = {Seth Gilbert and Nancy Lynch},
  title   = {Brewer's conjecture and the feasibility of consistent, available, partition-tolerant web services},
  journal = {ACM SIGACT News},
  year    = {2002},
  volume  = {33},
  issue   = {2},
  pages   = {51-59},
}

@Article{NayakPoriyaPoojary2003,
  author  = {Ameya Nayak and Anil Poriya and Dikshay Poojary},
  title   = {Type of NoSQL Databases and its Comparison with Relational Databases},
  journal = {International Journal of Applied Information Systems (IJAIS)},
  year    = {2013},
  date    = {2013-03},
  volume  = {5},
  number  = {4},
  issn    = {2249-0868},
}

@Report{Maroo2013,
  author      = {Tushar Maroo},
  title       = {Handling with Dynamic, Large Data Sets - NoSQL a Buzzword or Savior?},
  type        = {Article},
  institution = {JECRC Foundation},
  year        = {2013},
}

@Comment{jabref-meta: databaseType:biblatex;}
