% Encoding: UTF-8

@TechReport{SumitaBarahmand2015,
  author      = {Barahmand, Sumita and Ghandeharizadeh, Shahra and Li, Jia},
  title       = {On Scalability of Two NoSQL Data Stores for Processing Interactive Social Networking Actions},
  institution = {University of Southern California},
  year        = {2015},
  month       = mar,
}

@PhdThesis{YuZhao2015,
  author = {Zhao, Yu},
  title  = {Event Based Transient Notification Architecture and NoSQL Solution for Astronomical Data Management},
  school = {Massey University},
  year   = {2015},
  type   = {phdthesis},
}

@Online{OpenWebslides2017,
  author = {{{Open Webslides}}},
  title  = {{{Open Webslides}}},
  month  = mar,
  year   = {2017},
  date   = {2017},
  url    = {http://openwebslides.github.io/},
}

@Book{Sadalage2012,
  title     = {NoSQL distilled: a brief guide to the emerging world of polyglot persistence},
  publisher = {Pearson Education},
  year      = {2012},
  author    = {Sadalage, Pramod J and Fowler, Martin},
}

@Comment{jabref-meta: databaseType:bibtex;}
