% Encoding: UTF-8

@TechReport{SumitaBarahmand2015,
  author      = {Sumita Barahmand and Shahram Ghandeharizadeh and Jia Li},
  title       = {On Scalability of Two NoSQL Data Stores for Processing Interactive Social Networking Actions},
  institution = {University of Southern California},
  year        = {2015},
  month       = mar,
}

@PhdThesis{YuZhao2015,
  author = {Yu Zhao},
  title  = {Event Based Transient Notification Architecture and NoSQL Solution for Astronomical Data Management},
  school = {Massey University},
  year   = {2015},
  type   = {phdthesis},
}

@Online{OpenWebslides2017,
  author = {{{Open Webslides}}},
  title  = {{{Open Webslides}}},
  month  = mar,
  year   = {2017},
  date   = {2017},
  url    = {http://openwebslides.github.io/},
}

@Comment{jabref-meta: databaseType:bibtex;}
